<record><leader>00000cas a22000007a 4500</leader><controlfield tag="001">11902929</controlfield><controlfield tag="008">850410d18451852ohuwr ne      0    0eng d</controlfield><datafield ind1=" " ind2=" " tag="010"><subfield code="a">sn 85025774 </subfield></datafield><datafield ind1=" " ind2=" " tag="040"><subfield code="a">NPX</subfield><subfield code="b">eng</subfield><subfield code="c">NPX</subfield><subfield code="d">DLC</subfield><subfield code="d">NPY</subfield><subfield code="d">DLC</subfield><subfield code="d">PPM</subfield><subfield code="d">NPI</subfield><subfield code="d">ONP</subfield><subfield code="d">OCLCQ</subfield></datafield><datafield ind1=" " ind2=" " tag="042"><subfield code="a">msc</subfield></datafield><datafield ind1="0" ind2="0" tag="245"><subfield code="a">Dollar weekly commercial.</subfield></datafield><datafield ind1=" " ind2=" " tag="260"><subfield code="a">Cincinnati [Ohio] :</subfield><subfield code="b">J.W.S. Browne &amp; Co.</subfield></datafield><datafield ind1=" " ind2=" " tag="300"><subfield code="a">v. :</subfield><subfield code="b">ill. ;</subfield><subfield code="c">59 cm.</subfield></datafield><datafield ind1=" " ind2=" " tag="310"><subfield code="a">Weekly</subfield></datafield><datafield ind1="1" ind2=" " tag="362"><subfield code="a">Began in 1845; ceased in 1852.</subfield></datafield><datafield ind1=" " ind2=" " tag="515"><subfield code="a">Issues for &lt;Dec. 17, 1846&gt;- called also &lt;Whole no. 65&gt;-</subfield></datafield><datafield ind1=" " ind2=" " tag="580"><subfield code="a">Daily eds.: Daily commercial (Cincinnati, Ohio), 1845-1846, and: Daily Cincinnati commercial, 1846-1852.</subfield></datafield><datafield ind1=" " ind2=" " tag="588"><subfield code="a">Description based on: Vol. 1, no. 5 (Oct. 25, 1845).</subfield></datafield><datafield ind1=" " ind2=" " tag="752"><subfield code="a">United States</subfield><subfield code="b">Ohio</subfield><subfield code="c">Hamilton</subfield><subfield code="d">Cincinnati.</subfield></datafield><datafield ind1="1" ind2=" " tag="775"><subfield code="t">Daily commercial (Cincinnati, Ohio)</subfield><subfield code="w">(DLC)sn 84037034</subfield></datafield><datafield ind1="1" ind2=" " tag="775"><subfield code="t">Daily Cincinnati commercial</subfield><subfield code="w">(DLC)sn 84037035</subfield></datafield><datafield ind1="0" ind2="0" tag="785"><subfield code="t">Cincinnati dollar weekly commercial (Cincinnati, Ohio : 1852)</subfield><subfield code="w">(DLC)sn 84028721</subfield></datafield></record>